%YAML 1.1
%TAG !u! tag:unity3d.com,2011:
--- !u!29 &1
OcclusionCullingSettings:
  m_ObjectHideFlags: 0
  serializedVersion: 2
  m_OcclusionBakeSettings:
    smallestOccluder: 5
    smallestHole: 0.25
    backfaceThreshold: 100
  m_SceneGUID: 00000000000000000000000000000000
  m_OcclusionCullingData: {fileID: 0}
--- !u!104 &2
RenderSettings:
  m_ObjectHideFlags: 0
  serializedVersion: 9
  m_Fog: 1
  m_FogColor: {r: 0.7843138, g: 0.7843138, b: 0.7843138, a: 1}
  m_FogMode: 3
  m_FogDensity: 0.02
  m_LinearFogStart: 0
  m_LinearFogEnd: 300
  m_AmbientSkyColor: {r: 0.212, g: 0.227, b: 0.259, a: 1}
  m_AmbientEquatorColor: {r: 0.114, g: 0.125, b: 0.133, a: 1}
  m_AmbientGroundColor: {r: 0.047, g: 0.043, b: 0.035, a: 1}
  m_AmbientIntensity: 1
  m_AmbientMode: 0
  m_SubtractiveShadowColor: {r: 0.42, g: 0.478, b: 0.627, a: 1}
  m_SkyboxMaterial: {fileID: 10304, guid: 0000000000000000f000000000000000, type: 0}
  m_HaloStrength: 0.5
  m_FlareStrength: 1
  m_FlareFadeSpeed: 3
  m_HaloTexture: {fileID: 0}
  m_SpotCookie: {fileID: 10001, guid: 0000000000000000e000000000000000, type: 0}
  m_DefaultReflectionMode: 0
  m_DefaultReflectionResolution: 128
  m_ReflectionBounces: 1
  m_ReflectionIntensity: 1
  m_CustomReflection: {fileID: 0}
  m_Sun: {fileID: 705507994}
  m_IndirectSpecularColor: {r: 0.44657898, g: 0.4964133, b: 0.5748178, a: 1}
  m_UseRadianceAmbientProbe: 0
--- !u!157 &3
LightmapSettings:
  m_ObjectHideFlags: 0
  serializedVersion: 12
  m_GIWorkflowMode: 1
  m_GISettings:
    serializedVersion: 2
    m_BounceScale: 1
    m_IndirectOutputScale: 1
    m_AlbedoBoost: 1
    m_EnvironmentLightingMode: 0
    m_EnableBakedLightmaps: 1
    m_EnableRealtimeLightmaps: 0
  m_LightmapEditorSettings:
    serializedVersion: 12
    m_Resolution: 2
    m_BakeResolution: 40
    m_AtlasSize: 1024
    m_AO: 0
    m_AOMaxDistance: 1
    m_CompAOExponent: 1
    m_CompAOExponentDirect: 0
    m_ExtractAmbientOcclusion: 0
    m_Padding: 2
    m_LightmapParameters: {fileID: 0}
    m_LightmapsBakeMode: 1
    m_TextureCompression: 1
    m_FinalGather: 0
    m_FinalGatherFiltering: 1
    m_FinalGatherRayCount: 256
    m_ReflectionCompression: 2
    m_MixedBakeMode: 2
    m_BakeBackend: 1
    m_PVRSampling: 1
    m_PVRDirectSampleCount: 32
    m_PVRSampleCount: 500
    m_PVRBounces: 2
    m_PVREnvironmentSampleCount: 500
    m_PVREnvironmentReferencePointCount: 2048
    m_PVRFilteringMode: 2
    m_PVRDenoiserTypeDirect: 0
    m_PVRDenoiserTypeIndirect: 0
    m_PVRDenoiserTypeAO: 0
    m_PVRFilterTypeDirect: 0
    m_PVRFilterTypeIndirect: 0
    m_PVRFilterTypeAO: 0
    m_PVREnvironmentMIS: 0
    m_PVRCulling: 1
    m_PVRFilteringGaussRadiusDirect: 1
    m_PVRFilteringGaussRadiusIndirect: 5
    m_PVRFilteringGaussRadiusAO: 2
    m_PVRFilteringAtrousPositionSigmaDirect: 0.5
    m_PVRFilteringAtrousPositionSigmaIndirect: 2
    m_PVRFilteringAtrousPositionSigmaAO: 1
    m_ExportTrainingData: 0
    m_TrainingDataDestination: TrainingData
    m_LightProbeSampleCountMultiplier: 4
  m_LightingDataAsset: {fileID: 112000000, guid: df521e2147a10304a85fca1d1482aac5, type: 2}
  m_LightingSettings: {fileID: 4890085278179872738, guid: 58f4cbf59601c304e8256b16618b4035, type: 2}
--- !u!196 &4
NavMeshSettings:
  serializedVersion: 2
  m_ObjectHideFlags: 0
  m_BuildSettings:
    serializedVersion: 2
    agentTypeID: 0
    agentRadius: 0.5
    agentHeight: 2
    agentSlope: 45
    agentClimb: 0.4
    ledgeDropHeight: 0
    maxJumpAcrossDistance: 0
    minRegionArea: 2
    manualCellSize: 0
    cellSize: 0.16666667
    manualTileSize: 0
    tileSize: 256
    accuratePlacement: 0
    maxJobWorkers: 0
    preserveTilesOutsideBounds: 0
    debug:
      m_Flags: 0
  m_NavMeshData: {fileID: 0}
--- !u!1001 &85598413
PrefabInstance:
  m_ObjectHideFlags: 0
  serializedVersion: 2
  m_Modification:
    m_TransformParent: {fileID: 0}
    m_Modifications:
    - target: {fileID: 5251719684847796421, guid: 3bfa79d5f3586f344a0b96ad6ec32086, type: 3}
      propertyPath: m_Constraints
      value: 126
      objectReference: {fileID: 0}
    - target: {fileID: 5251719684847796422, guid: 3bfa79d5f3586f344a0b96ad6ec32086, type: 3}
      propertyPath: m_Name
      value: Obstacle (18)
      objectReference: {fileID: 0}
    - target: {fileID: 5251719684847796425, guid: 3bfa79d5f3586f344a0b96ad6ec32086, type: 3}
      propertyPath: m_RootOrder
      value: 10
      objectReference: {fileID: 0}
    - target: {fileID: 5251719684847796425, guid: 3bfa79d5f3586f344a0b96ad6ec32086, type: 3}
      propertyPath: m_LocalPosition.x
      value: -0.48999998
      objectReference: {fileID: 0}
    - target: {fileID: 5251719684847796425, guid: 3bfa79d5f3586f344a0b96ad6ec32086, type: 3}
      propertyPath: m_LocalPosition.y
      value: 1
      objectReference: {fileID: 0}
    - target: {fileID: 5251719684847796425, guid: 3bfa79d5f3586f344a0b96ad6ec32086, type: 3}
      propertyPath: m_LocalPosition.z
      value: 65.31
      objectReference: {fileID: 0}
    - target: {fileID: 5251719684847796425, guid: 3bfa79d5f3586f344a0b96ad6ec32086, type: 3}
      propertyPath: m_LocalRotation.w
      value: 1
      objectReference: {fileID: 0}
    - target: {fileID: 5251719684847796425, guid: 3bfa79d5f3586f344a0b96ad6ec32086, type: 3}
      propertyPath: m_LocalRotation.x
      value: 0
      objectReference: {fileID: 0}
    - target: {fileID: 5251719684847796425, guid: 3bfa79d5f3586f344a0b96ad6ec32086, type: 3}
      propertyPath: m_LocalRotation.y
      value: 0
      objectReference: {fileID: 0}
    - target: {fileID: 5251719684847796425, guid: 3bfa79d5f3586f344a0b96ad6ec32086, type: 3}
      propertyPath: m_LocalRotation.z
      value: 0
      objectReference: {fileID: 0}
    - target: {fileID: 5251719684847796425, guid: 3bfa79d5f3586f344a0b96ad6ec32086, type: 3}
      propertyPath: m_LocalEulerAnglesHint.x
      value: 0
      objectReference: {fileID: 0}
    - target: {fileID: 5251719684847796425, guid: 3bfa79d5f3586f344a0b96ad6ec32086, type: 3}
      propertyPath: m_LocalEulerAnglesHint.y
      value: 0
      objectReference: {fileID: 0}
    - target: {fileID: 5251719684847796425, guid: 3bfa79d5f3586f344a0b96ad6ec32086, type: 3}
      propertyPath: m_LocalEulerAnglesHint.z
      value: 0
      objectReference: {fileID: 0}
    m_RemovedComponents: []
  m_SourcePrefab: {fileID: 100100000, guid: 3bfa79d5f3586f344a0b96ad6ec32086, type: 3}
--- !u!1001 &131712128
PrefabInstance:
  m_ObjectHideFlags: 0
  serializedVersion: 2
  m_Modification:
    m_TransformParent: {fileID: 0}
    m_Modifications:
    - target: {fileID: 5251719684847796421, guid: 3bfa79d5f3586f344a0b96ad6ec32086, type: 3}
      propertyPath: m_Constraints
      value: 126
      objectReference: {fileID: 0}
    - target: {fileID: 5251719684847796422, guid: 3bfa79d5f3586f344a0b96ad6ec32086, type: 3}
      propertyPath: m_Name
      value: Obstacle (28)
      objectReference: {fileID: 0}
    - target: {fileID: 5251719684847796425, guid: 3bfa79d5f3586f344a0b96ad6ec32086, type: 3}
      propertyPath: m_RootOrder
      value: 18
      objectReference: {fileID: 0}
    - target: {fileID: 5251719684847796425, guid: 3bfa79d5f3586f344a0b96ad6ec32086, type: 3}
      propertyPath: m_LocalPosition.x
      value: -1.53
      objectReference: {fileID: 0}
    - target: {fileID: 5251719684847796425, guid: 3bfa79d5f3586f344a0b96ad6ec32086, type: 3}
      propertyPath: m_LocalPosition.y
      value: 1
      objectReference: {fileID: 0}
    - target: {fileID: 5251719684847796425, guid: 3bfa79d5f3586f344a0b96ad6ec32086, type: 3}
      propertyPath: m_LocalPosition.z
      value: 99.480995
      objectReference: {fileID: 0}
    - target: {fileID: 5251719684847796425, guid: 3bfa79d5f3586f344a0b96ad6ec32086, type: 3}
      propertyPath: m_LocalRotation.w
      value: 1
      objectReference: {fileID: 0}
    - target: {fileID: 5251719684847796425, guid: 3bfa79d5f3586f344a0b96ad6ec32086, type: 3}
      propertyPath: m_LocalRotation.x
      value: 0
      objectReference: {fileID: 0}
    - target: {fileID: 5251719684847796425, guid: 3bfa79d5f3586f344a0b96ad6ec32086, type: 3}
      propertyPath: m_LocalRotation.y
      value: 0
      objectReference: {fileID: 0}
    - target: {fileID: 5251719684847796425, guid: 3bfa79d5f3586f344a0b96ad6ec32086, type: 3}
      propertyPath: m_LocalRotation.z
      value: 0
      objectReference: {fileID: 0}
    - target: {fileID: 5251719684847796425, guid: 3bfa79d5f3586f344a0b96ad6ec32086, type: 3}
      propertyPath: m_LocalEulerAnglesHint.x
      value: 0
      objectReference: {fileID: 0}
    - target: {fileID: 5251719684847796425, guid: 3bfa79d5f3586f344a0b96ad6ec32086, type: 3}
      propertyPath: m_LocalEulerAnglesHint.y
      value: 0
      objectReference: {fileID: 0}
    - target: {fileID: 5251719684847796425, guid: 3bfa79d5f3586f344a0b96ad6ec32086, type: 3}
      propertyPath: m_LocalEulerAnglesHint.z
      value: 0
      objectReference: {fileID: 0}
    m_RemovedComponents: []
  m_SourcePrefab: {fileID: 100100000, guid: 3bfa79d5f3586f344a0b96ad6ec32086, type: 3}
--- !u!1001 &155382476
PrefabInstance:
  m_ObjectHideFlags: 0
  serializedVersion: 2
  m_Modification:
    m_TransformParent: {fileID: 0}
    m_Modifications:
    - target: {fileID: 5251719684847796421, guid: 3bfa79d5f3586f344a0b96ad6ec32086, type: 3}
      propertyPath: m_Constraints
      value: 126
      objectReference: {fileID: 0}
    - target: {fileID: 5251719684847796422, guid: 3bfa79d5f3586f344a0b96ad6ec32086, type: 3}
      propertyPath: m_Name
      value: Obstacle (26)
      objectReference: {fileID: 0}
    - target: {fileID: 5251719684847796425, guid: 3bfa79d5f3586f344a0b96ad6ec32086, type: 3}
      propertyPath: m_RootOrder
      value: 16
      objectReference: {fileID: 0}
    - target: {fileID: 5251719684847796425, guid: 3bfa79d5f3586f344a0b96ad6ec32086, type: 3}
      propertyPath: m_LocalPosition.x
      value: 2.47
      objectReference: {fileID: 0}
    - target: {fileID: 5251719684847796425, guid: 3bfa79d5f3586f344a0b96ad6ec32086, type: 3}
      propertyPath: m_LocalPosition.y
      value: 1
      objectReference: {fileID: 0}
    - target: {fileID: 5251719684847796425, guid: 3bfa79d5f3586f344a0b96ad6ec32086, type: 3}
      propertyPath: m_LocalPosition.z
      value: 99.480995
      objectReference: {fileID: 0}
    - target: {fileID: 5251719684847796425, guid: 3bfa79d5f3586f344a0b96ad6ec32086, type: 3}
      propertyPath: m_LocalRotation.w
      value: 1
      objectReference: {fileID: 0}
    - target: {fileID: 5251719684847796425, guid: 3bfa79d5f3586f344a0b96ad6ec32086, type: 3}
      propertyPath: m_LocalRotation.x
      value: 0
      objectReference: {fileID: 0}
    - target: {fileID: 5251719684847796425, guid: 3bfa79d5f3586f344a0b96ad6ec32086, type: 3}
      propertyPath: m_LocalRotation.y
      value: 0
      objectReference: {fileID: 0}
    - target: {fileID: 5251719684847796425, guid: 3bfa79d5f3586f344a0b96ad6ec32086, type: 3}
      propertyPath: m_LocalRotation.z
      value: 0
      objectReference: {fileID: 0}
    - target: {fileID: 5251719684847796425, guid: 3bfa79d5f3586f344a0b96ad6ec32086, type: 3}
      propertyPath: m_LocalEulerAnglesHint.x
      value: 0
      objectReference: {fileID: 0}
    - target: {fileID: 5251719684847796425, guid: 3bfa79d5f3586f344a0b96ad6ec32086, type: 3}
      propertyPath: m_LocalEulerAnglesHint.y
      value: 0
      objectReference: {fileID: 0}
    - target: {fileID: 5251719684847796425, guid: 3bfa79d5f3586f344a0b96ad6ec32086, type: 3}
      propertyPath: m_LocalEulerAnglesHint.z
      value: 0
      objectReference: {fileID: 0}
    m_RemovedComponents: []
  m_SourcePrefab: {fileID: 100100000, guid: 3bfa79d5f3586f344a0b96ad6ec32086, type: 3}
--- !u!1 &261253781 stripped
GameObject:
  m_CorrespondingSourceObject: {fileID: 5781483655435903048, guid: 5787a8c1967d8924bb0185d9ed0b0910, type: 3}
  m_PrefabInstance: {fileID: 5781483655543753437}
  m_PrefabAsset: {fileID: 0}
--- !u!1001 &281365259
PrefabInstance:
  m_ObjectHideFlags: 0
  serializedVersion: 2
  m_Modification:
    m_TransformParent: {fileID: 0}
    m_Modifications:
    - target: {fileID: 5251719684847796421, guid: 3bfa79d5f3586f344a0b96ad6ec32086, type: 3}
      propertyPath: m_Constraints
      value: 126
      objectReference: {fileID: 0}
    - target: {fileID: 5251719684847796422, guid: 3bfa79d5f3586f344a0b96ad6ec32086, type: 3}
      propertyPath: m_Name
      value: Obstacle (17)
      objectReference: {fileID: 0}
    - target: {fileID: 5251719684847796425, guid: 3bfa79d5f3586f344a0b96ad6ec32086, type: 3}
      propertyPath: m_RootOrder
      value: 15
      objectReference: {fileID: 0}
    - target: {fileID: 5251719684847796425, guid: 3bfa79d5f3586f344a0b96ad6ec32086, type: 3}
      propertyPath: m_LocalPosition.x
      value: 4.4700003
      objectReference: {fileID: 0}
    - target: {fileID: 5251719684847796425, guid: 3bfa79d5f3586f344a0b96ad6ec32086, type: 3}
      propertyPath: m_LocalPosition.y
      value: 1
      objectReference: {fileID: 0}
    - target: {fileID: 5251719684847796425, guid: 3bfa79d5f3586f344a0b96ad6ec32086, type: 3}
      propertyPath: m_LocalPosition.z
      value: 99.49
      objectReference: {fileID: 0}
    - target: {fileID: 5251719684847796425, guid: 3bfa79d5f3586f344a0b96ad6ec32086, type: 3}
      propertyPath: m_LocalRotation.w
      value: 1
      objectReference: {fileID: 0}
    - target: {fileID: 5251719684847796425, guid: 3bfa79d5f3586f344a0b96ad6ec32086, type: 3}
      propertyPath: m_LocalRotation.x
      value: 0
      objectReference: {fileID: 0}
    - target: {fileID: 5251719684847796425, guid: 3bfa79d5f3586f344a0b96ad6ec32086, type: 3}
      propertyPath: m_LocalRotation.y
      value: 0
      objectReference: {fileID: 0}
    - target: {fileID: 5251719684847796425, guid: 3bfa79d5f3586f344a0b96ad6ec32086, type: 3}
      propertyPath: m_LocalRotation.z
      value: 0
      objectReference: {fileID: 0}
    - target: {fileID: 5251719684847796425, guid: 3bfa79d5f3586f344a0b96ad6ec32086, type: 3}
      propertyPath: m_LocalEulerAnglesHint.x
      value: 0
      objectReference: {fileID: 0}
    - target: {fileID: 5251719684847796425, guid: 3bfa79d5f3586f344a0b96ad6ec32086, type: 3}
      propertyPath: m_LocalEulerAnglesHint.y
      value: 0
      objectReference: {fileID: 0}
    - target: {fileID: 5251719684847796425, guid: 3bfa79d5f3586f344a0b96ad6ec32086, type: 3}
      propertyPath: m_LocalEulerAnglesHint.z
      value: 0
      objectReference: {fileID: 0}
    m_RemovedComponents: []
  m_SourcePrefab: {fileID: 100100000, guid: 3bfa79d5f3586f344a0b96ad6ec32086, type: 3}
--- !u!1 &462734586
GameObject:
  m_ObjectHideFlags: 0
  m_CorrespondingSourceObject: {fileID: 0}
  m_PrefabInstance: {fileID: 0}
  m_PrefabAsset: {fileID: 0}
  serializedVersion: 6
  m_Component:
  - component: {fileID: 462734589}
  - component: {fileID: 462734588}
  - component: {fileID: 462734587}
  m_Layer: 0
  m_Name: EventSystem
  m_TagString: Untagged
  m_Icon: {fileID: 0}
  m_NavMeshLayer: 0
  m_StaticEditorFlags: 0
  m_IsActive: 1
--- !u!114 &462734587
MonoBehaviour:
  m_ObjectHideFlags: 0
  m_CorrespondingSourceObject: {fileID: 0}
  m_PrefabInstance: {fileID: 0}
  m_PrefabAsset: {fileID: 0}
  m_GameObject: {fileID: 462734586}
  m_Enabled: 1
  m_EditorHideFlags: 0
  m_Script: {fileID: 11500000, guid: 4f231c4fb786f3946a6b90b886c48677, type: 3}
  m_Name: 
  m_EditorClassIdentifier: 
  m_HorizontalAxis: Horizontal
  m_VerticalAxis: Vertical
  m_SubmitButton: Submit
  m_CancelButton: Cancel
  m_InputActionsPerSecond: 10
  m_RepeatDelay: 0.5
  m_ForceModuleActive: 0
--- !u!114 &462734588
MonoBehaviour:
  m_ObjectHideFlags: 0
  m_CorrespondingSourceObject: {fileID: 0}
  m_PrefabInstance: {fileID: 0}
  m_PrefabAsset: {fileID: 0}
  m_GameObject: {fileID: 462734586}
  m_Enabled: 1
  m_EditorHideFlags: 0
  m_Script: {fileID: 11500000, guid: 76c392e42b5098c458856cdf6ecaaaa1, type: 3}
  m_Name: 
  m_EditorClassIdentifier: 
  m_FirstSelected: {fileID: 0}
  m_sendNavigationEvents: 1
  m_DragThreshold: 10
--- !u!4 &462734589
Transform:
  m_ObjectHideFlags: 0
  m_CorrespondingSourceObject: {fileID: 0}
  m_PrefabInstance: {fileID: 0}
  m_PrefabAsset: {fileID: 0}
  m_GameObject: {fileID: 462734586}
  m_LocalRotation: {x: 0, y: 0, z: 0, w: 1}
  m_LocalPosition: {x: 0, y: 0, z: 0}
  m_LocalScale: {x: 1, y: 1, z: 1}
  m_Children: []
  m_Father: {fileID: 0}
  m_RootOrder: 21
  m_LocalEulerAnglesHint: {x: 0, y: 0, z: 0}
--- !u!1 &705507993
GameObject:
  m_ObjectHideFlags: 0
  m_CorrespondingSourceObject: {fileID: 0}
  m_PrefabInstance: {fileID: 0}
  m_PrefabAsset: {fileID: 0}
  serializedVersion: 6
  m_Component:
  - component: {fileID: 705507995}
  - component: {fileID: 705507994}
  m_Layer: 0
  m_Name: Directional Light
  m_TagString: Untagged
  m_Icon: {fileID: 0}
  m_NavMeshLayer: 0
  m_StaticEditorFlags: 0
  m_IsActive: 1
--- !u!108 &705507994
Light:
  m_ObjectHideFlags: 0
  m_CorrespondingSourceObject: {fileID: 0}
  m_PrefabInstance: {fileID: 0}
  m_PrefabAsset: {fileID: 0}
  m_GameObject: {fileID: 705507993}
  m_Enabled: 1
  serializedVersion: 10
  m_Type: 1
  m_Shape: 0
  m_Color: {r: 1, g: 0.95686275, b: 0.8392157, a: 1}
  m_Intensity: 1
  m_Range: 10
  m_SpotAngle: 30
  m_InnerSpotAngle: 21.80208
  m_CookieSize: 10
  m_Shadows:
    m_Type: 2
    m_Resolution: -1
    m_CustomResolution: -1
    m_Strength: 1
    m_Bias: 0.05
    m_NormalBias: 0.4
    m_NearPlane: 0.2
    m_CullingMatrixOverride:
      e00: 1
      e01: 0
      e02: 0
      e03: 0
      e10: 0
      e11: 1
      e12: 0
      e13: 0
      e20: 0
      e21: 0
      e22: 1
      e23: 0
      e30: 0
      e31: 0
      e32: 0
      e33: 1
    m_UseCullingMatrixOverride: 0
  m_Cookie: {fileID: 0}
  m_DrawHalo: 0
  m_Flare: {fileID: 0}
  m_RenderMode: 0
  m_CullingMask:
    serializedVersion: 2
    m_Bits: 4294967295
  m_RenderingLayerMask: 1
  m_Lightmapping: 1
  m_LightShadowCasterMode: 0
  m_AreaSize: {x: 1, y: 1}
  m_BounceIntensity: 1
  m_ColorTemperature: 6570
  m_UseColorTemperature: 0
  m_BoundingSphereOverride: {x: 0, y: 0, z: 0, w: 0}
  m_UseBoundingSphereOverride: 0
  m_UseViewFrustumForShadowCasterCull: 1
  m_ShadowRadius: 0
  m_ShadowAngle: 0
--- !u!4 &705507995
Transform:
  m_ObjectHideFlags: 0
  m_CorrespondingSourceObject: {fileID: 0}
  m_PrefabInstance: {fileID: 0}
  m_PrefabAsset: {fileID: 0}
  m_GameObject: {fileID: 705507993}
  m_LocalRotation: {x: 0.40821788, y: -0.23456968, z: 0.10938163, w: 0.8754261}
  m_LocalPosition: {x: 0, y: 3, z: 0}
  m_LocalScale: {x: 1, y: 1, z: 1}
  m_Children: []
  m_Father: {fileID: 0}
  m_RootOrder: 20
  m_LocalEulerAnglesHint: {x: 50, y: -30, z: 0}
--- !u!1001 &757986103
PrefabInstance:
  m_ObjectHideFlags: 0
  serializedVersion: 2
  m_Modification:
    m_TransformParent: {fileID: 0}
    m_Modifications:
    - target: {fileID: 5251719684847796421, guid: 3bfa79d5f3586f344a0b96ad6ec32086, type: 3}
      propertyPath: m_Constraints
      value: 126
      objectReference: {fileID: 0}
    - target: {fileID: 5251719684847796422, guid: 3bfa79d5f3586f344a0b96ad6ec32086, type: 3}
      propertyPath: m_Name
      value: Obstacle (19)
      objectReference: {fileID: 0}
    - target: {fileID: 5251719684847796425, guid: 3bfa79d5f3586f344a0b96ad6ec32086, type: 3}
      propertyPath: m_RootOrder
      value: 11
      objectReference: {fileID: 0}
    - target: {fileID: 5251719684847796425, guid: 3bfa79d5f3586f344a0b96ad6ec32086, type: 3}
      propertyPath: m_LocalPosition.x
      value: -2.49
      objectReference: {fileID: 0}
    - target: {fileID: 5251719684847796425, guid: 3bfa79d5f3586f344a0b96ad6ec32086, type: 3}
      propertyPath: m_LocalPosition.y
      value: 1
      objectReference: {fileID: 0}
    - target: {fileID: 5251719684847796425, guid: 3bfa79d5f3586f344a0b96ad6ec32086, type: 3}
      propertyPath: m_LocalPosition.z
      value: 66.31
      objectReference: {fileID: 0}
    - target: {fileID: 5251719684847796425, guid: 3bfa79d5f3586f344a0b96ad6ec32086, type: 3}
      propertyPath: m_LocalRotation.w
      value: 1
      objectReference: {fileID: 0}
    - target: {fileID: 5251719684847796425, guid: 3bfa79d5f3586f344a0b96ad6ec32086, type: 3}
      propertyPath: m_LocalRotation.x
      value: 0
      objectReference: {fileID: 0}
    - target: {fileID: 5251719684847796425, guid: 3bfa79d5f3586f344a0b96ad6ec32086, type: 3}
      propertyPath: m_LocalRotation.y
      value: 0
      objectReference: {fileID: 0}
    - target: {fileID: 5251719684847796425, guid: 3bfa79d5f3586f344a0b96ad6ec32086, type: 3}
      propertyPath: m_LocalRotation.z
      value: 0
      objectReference: {fileID: 0}
    - target: {fileID: 5251719684847796425, guid: 3bfa79d5f3586f344a0b96ad6ec32086, type: 3}
      propertyPath: m_LocalEulerAnglesHint.x
      value: 0
      objectReference: {fileID: 0}
    - target: {fileID: 5251719684847796425, guid: 3bfa79d5f3586f344a0b96ad6ec32086, type: 3}
      propertyPath: m_LocalEulerAnglesHint.y
      value: 0
      objectReference: {fileID: 0}
    - target: {fileID: 5251719684847796425, guid: 3bfa79d5f3586f344a0b96ad6ec32086, type: 3}
      propertyPath: m_LocalEulerAnglesHint.z
      value: 0
      objectReference: {fileID: 0}
    m_RemovedComponents: []
  m_SourcePrefab: {fileID: 100100000, guid: 3bfa79d5f3586f344a0b96ad6ec32086, type: 3}
--- !u!1001 &772764654
PrefabInstance:
  m_ObjectHideFlags: 0
  serializedVersion: 2
  m_Modification:
    m_TransformParent: {fileID: 0}
    m_Modifications:
    - target: {fileID: 5251719684847796421, guid: 3bfa79d5f3586f344a0b96ad6ec32086, type: 3}
      propertyPath: m_Constraints
      value: 126
      objectReference: {fileID: 0}
    - target: {fileID: 5251719684847796422, guid: 3bfa79d5f3586f344a0b96ad6ec32086, type: 3}
      propertyPath: m_Name
      value: Obstacle (5)
      objectReference: {fileID: 0}
    - target: {fileID: 5251719684847796425, guid: 3bfa79d5f3586f344a0b96ad6ec32086, type: 3}
      propertyPath: m_RootOrder
      value: 8
      objectReference: {fileID: 0}
    - target: {fileID: 5251719684847796425, guid: 3bfa79d5f3586f344a0b96ad6ec32086, type: 3}
      propertyPath: m_LocalPosition.x
      value: -4.491
      objectReference: {fileID: 0}
    - target: {fileID: 5251719684847796425, guid: 3bfa79d5f3586f344a0b96ad6ec32086, type: 3}
      propertyPath: m_LocalPosition.y
      value: 1
      objectReference: {fileID: 0}
    - target: {fileID: 5251719684847796425, guid: 3bfa79d5f3586f344a0b96ad6ec32086, type: 3}
      propertyPath: m_LocalPosition.z
      value: 24
      objectReference: {fileID: 0}
    - target: {fileID: 5251719684847796425, guid: 3bfa79d5f3586f344a0b96ad6ec32086, type: 3}
      propertyPath: m_LocalRotation.w
      value: 1
      objectReference: {fileID: 0}
    - target: {fileID: 5251719684847796425, guid: 3bfa79d5f3586f344a0b96ad6ec32086, type: 3}
      propertyPath: m_LocalRotation.x
      value: 0
      objectReference: {fileID: 0}
    - target: {fileID: 5251719684847796425, guid: 3bfa79d5f3586f344a0b96ad6ec32086, type: 3}
      propertyPath: m_LocalRotation.y
      value: 0
      objectReference: {fileID: 0}
    - target: {fileID: 5251719684847796425, guid: 3bfa79d5f3586f344a0b96ad6ec32086, type: 3}
      propertyPath: m_LocalRotation.z
      value: 0
      objectReference: {fileID: 0}
    - target: {fileID: 5251719684847796425, guid: 3bfa79d5f3586f344a0b96ad6ec32086, type: 3}
      propertyPath: m_LocalEulerAnglesHint.x
      value: 0
      objectReference: {fileID: 0}
    - target: {fileID: 5251719684847796425, guid: 3bfa79d5f3586f344a0b96ad6ec32086, type: 3}
      propertyPath: m_LocalEulerAnglesHint.y
      value: 0
      objectReference: {fileID: 0}
    - target: {fileID: 5251719684847796425, guid: 3bfa79d5f3586f344a0b96ad6ec32086, type: 3}
      propertyPath: m_LocalEulerAnglesHint.z
      value: 0
      objectReference: {fileID: 0}
    m_RemovedComponents: []
  m_SourcePrefab: {fileID: 100100000, guid: 3bfa79d5f3586f344a0b96ad6ec32086, type: 3}
--- !u!114 &799952553 stripped
MonoBehaviour:
  m_CorrespondingSourceObject: {fileID: 5525363259503547585, guid: dd47c2eb21dae1842a6f0061d43ffc81, type: 3}
  m_PrefabInstance: {fileID: 5525363259174705768}
  m_PrefabAsset: {fileID: 0}
  m_GameObject: {fileID: 0}
  m_Enabled: 1
  m_EditorHideFlags: 0
  m_Script: {fileID: 11500000, guid: 33979a6806512ed4580b9f45f882af23, type: 3}
  m_Name: 
  m_EditorClassIdentifier: 
--- !u!1001 &960611176
PrefabInstance:
  m_ObjectHideFlags: 0
  serializedVersion: 2
  m_Modification:
    m_TransformParent: {fileID: 0}
    m_Modifications:
    - target: {fileID: 5251719684847796421, guid: 3bfa79d5f3586f344a0b96ad6ec32086, type: 3}
      propertyPath: m_Constraints
      value: 126
      objectReference: {fileID: 0}
    - target: {fileID: 5251719684847796422, guid: 3bfa79d5f3586f344a0b96ad6ec32086, type: 3}
      propertyPath: m_Name
      value: Obstacle (21)
      objectReference: {fileID: 0}
    - target: {fileID: 5251719684847796425, guid: 3bfa79d5f3586f344a0b96ad6ec32086, type: 3}
      propertyPath: m_RootOrder
      value: 13
      objectReference: {fileID: 0}
    - target: {fileID: 5251719684847796425, guid: 3bfa79d5f3586f344a0b96ad6ec32086, type: 3}
      propertyPath: m_LocalPosition.x
      value: -6.49
      objectReference: {fileID: 0}
    - target: {fileID: 5251719684847796425, guid: 3bfa79d5f3586f344a0b96ad6ec32086, type: 3}
      propertyPath: m_LocalPosition.y
      value: 1
      objectReference: {fileID: 0}
    - target: {fileID: 5251719684847796425, guid: 3bfa79d5f3586f344a0b96ad6ec32086, type: 3}
      propertyPath: m_LocalPosition.z
      value: 68.31
      objectReference: {fileID: 0}
    - target: {fileID: 5251719684847796425, guid: 3bfa79d5f3586f344a0b96ad6ec32086, type: 3}
      propertyPath: m_LocalRotation.w
      value: 1
      objectReference: {fileID: 0}
    - target: {fileID: 5251719684847796425, guid: 3bfa79d5f3586f344a0b96ad6ec32086, type: 3}
      propertyPath: m_LocalRotation.x
      value: 0
      objectReference: {fileID: 0}
    - target: {fileID: 5251719684847796425, guid: 3bfa79d5f3586f344a0b96ad6ec32086, type: 3}
      propertyPath: m_LocalRotation.y
      value: 0
      objectReference: {fileID: 0}
    - target: {fileID: 5251719684847796425, guid: 3bfa79d5f3586f344a0b96ad6ec32086, type: 3}
      propertyPath: m_LocalRotation.z
      value: 0
      objectReference: {fileID: 0}
    - target: {fileID: 5251719684847796425, guid: 3bfa79d5f3586f344a0b96ad6ec32086, type: 3}
      propertyPath: m_LocalEulerAnglesHint.x
      value: 0
      objectReference: {fileID: 0}
    - target: {fileID: 5251719684847796425, guid: 3bfa79d5f3586f344a0b96ad6ec32086, type: 3}
      propertyPath: m_LocalEulerAnglesHint.y
      value: 0
      objectReference: {fileID: 0}
    - target: {fileID: 5251719684847796425, guid: 3bfa79d5f3586f344a0b96ad6ec32086, type: 3}
      propertyPath: m_LocalEulerAnglesHint.z
      value: 0
      objectReference: {fileID: 0}
    m_RemovedComponents: []
  m_SourcePrefab: {fileID: 100100000, guid: 3bfa79d5f3586f344a0b96ad6ec32086, type: 3}
--- !u!1001 &1054772570
PrefabInstance:
  m_ObjectHideFlags: 0
  serializedVersion: 2
  m_Modification:
    m_TransformParent: {fileID: 0}
    m_Modifications:
    - target: {fileID: 5251719684847796421, guid: 3bfa79d5f3586f344a0b96ad6ec32086, type: 3}
      propertyPath: m_Constraints
      value: 126
      objectReference: {fileID: 0}
    - target: {fileID: 5251719684847796422, guid: 3bfa79d5f3586f344a0b96ad6ec32086, type: 3}
      propertyPath: m_Name
      value: Obstacle (27)
      objectReference: {fileID: 0}
    - target: {fileID: 5251719684847796425, guid: 3bfa79d5f3586f344a0b96ad6ec32086, type: 3}
      propertyPath: m_RootOrder
      value: 17
      objectReference: {fileID: 0}
    - target: {fileID: 5251719684847796425, guid: 3bfa79d5f3586f344a0b96ad6ec32086, type: 3}
      propertyPath: m_LocalPosition.x
      value: 0.47000003
      objectReference: {fileID: 0}
    - target: {fileID: 5251719684847796425, guid: 3bfa79d5f3586f344a0b96ad6ec32086, type: 3}
      propertyPath: m_LocalPosition.y
      value: 1
      objectReference: {fileID: 0}
    - target: {fileID: 5251719684847796425, guid: 3bfa79d5f3586f344a0b96ad6ec32086, type: 3}
      propertyPath: m_LocalPosition.z
      value: 99.480995
      objectReference: {fileID: 0}
    - target: {fileID: 5251719684847796425, guid: 3bfa79d5f3586f344a0b96ad6ec32086, type: 3}
      propertyPath: m_LocalRotation.w
      value: 1
      objectReference: {fileID: 0}
    - target: {fileID: 5251719684847796425, guid: 3bfa79d5f3586f344a0b96ad6ec32086, type: 3}
      propertyPath: m_LocalRotation.x
      value: 0
      objectReference: {fileID: 0}
    - target: {fileID: 5251719684847796425, guid: 3bfa79d5f3586f344a0b96ad6ec32086, type: 3}
      propertyPath: m_LocalRotation.y
      value: 0
      objectReference: {fileID: 0}
    - target: {fileID: 5251719684847796425, guid: 3bfa79d5f3586f344a0b96ad6ec32086, type: 3}
      propertyPath: m_LocalRotation.z
      value: 0
      objectReference: {fileID: 0}
    - target: {fileID: 5251719684847796425, guid: 3bfa79d5f3586f344a0b96ad6ec32086, type: 3}
      propertyPath: m_LocalEulerAnglesHint.x
      value: 0
      objectReference: {fileID: 0}
    - target: {fileID: 5251719684847796425, guid: 3bfa79d5f3586f344a0b96ad6ec32086, type: 3}
      propertyPath: m_LocalEulerAnglesHint.y
      value: 0
      objectReference: {fileID: 0}
    - target: {fileID: 5251719684847796425, guid: 3bfa79d5f3586f344a0b96ad6ec32086, type: 3}
      propertyPath: m_LocalEulerAnglesHint.z
      value: 0
      objectReference: {fileID: 0}
    m_RemovedComponents: []
  m_SourcePrefab: {fileID: 100100000, guid: 3bfa79d5f3586f344a0b96ad6ec32086, type: 3}
--- !u!1001 &1119092865
PrefabInstance:
  m_ObjectHideFlags: 0
  serializedVersion: 2
  m_Modification:
    m_TransformParent: {fileID: 0}
    m_Modifications:
    - target: {fileID: 5251719684847796421, guid: 3bfa79d5f3586f344a0b96ad6ec32086, type: 3}
      propertyPath: m_Constraints
      value: 126
      objectReference: {fileID: 0}
    - target: {fileID: 5251719684847796422, guid: 3bfa79d5f3586f344a0b96ad6ec32086, type: 3}
      propertyPath: m_Name
      value: Obstacle (8)
      objectReference: {fileID: 0}
    - target: {fileID: 5251719684847796425, guid: 3bfa79d5f3586f344a0b96ad6ec32086, type: 3}
      propertyPath: m_RootOrder
      value: 9
      objectReference: {fileID: 0}
    - target: {fileID: 5251719684847796425, guid: 3bfa79d5f3586f344a0b96ad6ec32086, type: 3}
      propertyPath: m_LocalPosition.x
      value: 4.49
      objectReference: {fileID: 0}
    - target: {fileID: 5251719684847796425, guid: 3bfa79d5f3586f344a0b96ad6ec32086, type: 3}
      propertyPath: m_LocalPosition.y
      value: 1
      objectReference: {fileID: 0}
    - target: {fileID: 5251719684847796425, guid: 3bfa79d5f3586f344a0b96ad6ec32086, type: 3}
      propertyPath: m_LocalPosition.z
      value: 24
      objectReference: {fileID: 0}
    - target: {fileID: 5251719684847796425, guid: 3bfa79d5f3586f344a0b96ad6ec32086, type: 3}
      propertyPath: m_LocalRotation.w
      value: 1
      objectReference: {fileID: 0}
    - target: {fileID: 5251719684847796425, guid: 3bfa79d5f3586f344a0b96ad6ec32086, type: 3}
      propertyPath: m_LocalRotation.x
      value: 0
      objectReference: {fileID: 0}
    - target: {fileID: 5251719684847796425, guid: 3bfa79d5f3586f344a0b96ad6ec32086, type: 3}
      propertyPath: m_LocalRotation.y
      value: 0
      objectReference: {fileID: 0}
    - target: {fileID: 5251719684847796425, guid: 3bfa79d5f3586f344a0b96ad6ec32086, type: 3}
      propertyPath: m_LocalRotation.z
      value: 0
      objectReference: {fileID: 0}
    - target: {fileID: 5251719684847796425, guid: 3bfa79d5f3586f344a0b96ad6ec32086, type: 3}
      propertyPath: m_LocalEulerAnglesHint.x
      value: 0
      objectReference: {fileID: 0}
    - target: {fileID: 5251719684847796425, guid: 3bfa79d5f3586f344a0b96ad6ec32086, type: 3}
      propertyPath: m_LocalEulerAnglesHint.y
      value: 0
      objectReference: {fileID: 0}
    - target: {fileID: 5251719684847796425, guid: 3bfa79d5f3586f344a0b96ad6ec32086, type: 3}
      propertyPath: m_LocalEulerAnglesHint.z
      value: 0
      objectReference: {fileID: 0}
    m_RemovedComponents: []
  m_SourcePrefab: {fileID: 100100000, guid: 3bfa79d5f3586f344a0b96ad6ec32086, type: 3}
--- !u!1001 &1128962629
PrefabInstance:
  m_ObjectHideFlags: 0
  serializedVersion: 2
  m_Modification:
    m_TransformParent: {fileID: 0}
    m_Modifications:
    - target: {fileID: 5251719684847796421, guid: 3bfa79d5f3586f344a0b96ad6ec32086, type: 3}
      propertyPath: m_Constraints
      value: 126
      objectReference: {fileID: 0}
    - target: {fileID: 5251719684847796422, guid: 3bfa79d5f3586f344a0b96ad6ec32086, type: 3}
      propertyPath: m_Name
      value: Obstacle (20)
      objectReference: {fileID: 0}
    - target: {fileID: 5251719684847796425, guid: 3bfa79d5f3586f344a0b96ad6ec32086, type: 3}
      propertyPath: m_RootOrder
      value: 12
      objectReference: {fileID: 0}
    - target: {fileID: 5251719684847796425, guid: 3bfa79d5f3586f344a0b96ad6ec32086, type: 3}
      propertyPath: m_LocalPosition.x
      value: -4.49
      objectReference: {fileID: 0}
    - target: {fileID: 5251719684847796425, guid: 3bfa79d5f3586f344a0b96ad6ec32086, type: 3}
      propertyPath: m_LocalPosition.y
      value: 1
      objectReference: {fileID: 0}
    - target: {fileID: 5251719684847796425, guid: 3bfa79d5f3586f344a0b96ad6ec32086, type: 3}
      propertyPath: m_LocalPosition.z
      value: 67.31
      objectReference: {fileID: 0}
    - target: {fileID: 5251719684847796425, guid: 3bfa79d5f3586f344a0b96ad6ec32086, type: 3}
      propertyPath: m_LocalRotation.w
      value: 1
      objectReference: {fileID: 0}
    - target: {fileID: 5251719684847796425, guid: 3bfa79d5f3586f344a0b96ad6ec32086, type: 3}
      propertyPath: m_LocalRotation.x
      value: 0
      objectReference: {fileID: 0}
    - target: {fileID: 5251719684847796425, guid: 3bfa79d5f3586f344a0b96ad6ec32086, type: 3}
      propertyPath: m_LocalRotation.y
      value: 0
      objectReference: {fileID: 0}
    - target: {fileID: 5251719684847796425, guid: 3bfa79d5f3586f344a0b96ad6ec32086, type: 3}
      propertyPath: m_LocalRotation.z
      value: 0
      objectReference: {fileID: 0}
    - target: {fileID: 5251719684847796425, guid: 3bfa79d5f3586f344a0b96ad6ec32086, type: 3}
      propertyPath: m_LocalEulerAnglesHint.x
      value: 0
      objectReference: {fileID: 0}
    - target: {fileID: 5251719684847796425, guid: 3bfa79d5f3586f344a0b96ad6ec32086, type: 3}
      propertyPath: m_LocalEulerAnglesHint.y
      value: 0
      objectReference: {fileID: 0}
    - target: {fileID: 5251719684847796425, guid: 3bfa79d5f3586f344a0b96ad6ec32086, type: 3}
      propertyPath: m_LocalEulerAnglesHint.z
      value: 0
      objectReference: {fileID: 0}
    m_RemovedComponents: []
  m_SourcePrefab: {fileID: 100100000, guid: 3bfa79d5f3586f344a0b96ad6ec32086, type: 3}
--- !u!1 &1171524858
GameObject:
  m_ObjectHideFlags: 0
  m_CorrespondingSourceObject: {fileID: 0}
  m_PrefabInstance: {fileID: 0}
  m_PrefabAsset: {fileID: 0}
  serializedVersion: 6
  m_Component:
  - component: {fileID: 1171524859}
  m_Layer: 0
  m_Name: Main Camera (Missing Prefab)
  m_TagString: Untagged
  m_Icon: {fileID: 0}
  m_NavMeshLayer: 0
  m_StaticEditorFlags: 0
  m_IsActive: 1
--- !u!4 &1171524859
Transform:
  m_ObjectHideFlags: 0
  m_CorrespondingSourceObject: {fileID: 0}
  m_PrefabInstance: {fileID: 0}
  m_PrefabAsset: {fileID: 0}
  m_GameObject: {fileID: 1171524858}
  m_LocalRotation: {x: 0, y: 0, z: 0, w: 1}
  m_LocalPosition: {x: 0, y: 0, z: 0}
  m_LocalScale: {x: 1, y: 1, z: 1}
  m_Children: []
  m_Father: {fileID: 0}
  m_RootOrder: 1
  m_LocalEulerAnglesHint: {x: 0, y: 0, z: 0}
--- !u!1001 &1497073269
PrefabInstance:
  m_ObjectHideFlags: 0
  serializedVersion: 2
  m_Modification:
    m_TransformParent: {fileID: 0}
    m_Modifications:
    - target: {fileID: 5251719684847796421, guid: 3bfa79d5f3586f344a0b96ad6ec32086, type: 3}
      propertyPath: m_Constraints
      value: 126
      objectReference: {fileID: 0}
    - target: {fileID: 5251719684847796422, guid: 3bfa79d5f3586f344a0b96ad6ec32086, type: 3}
      propertyPath: m_Name
      value: Obstacle (4)
      objectReference: {fileID: 0}
    - target: {fileID: 5251719684847796425, guid: 3bfa79d5f3586f344a0b96ad6ec32086, type: 3}
      propertyPath: m_RootOrder
      value: 7
      objectReference: {fileID: 0}
    - target: {fileID: 5251719684847796425, guid: 3bfa79d5f3586f344a0b96ad6ec32086, type: 3}
      propertyPath: m_LocalPosition.x
      value: 6.49
      objectReference: {fileID: 0}
    - target: {fileID: 5251719684847796425, guid: 3bfa79d5f3586f344a0b96ad6ec32086, type: 3}
      propertyPath: m_LocalPosition.y
      value: 1
      objectReference: {fileID: 0}
    - target: {fileID: 5251719684847796425, guid: 3bfa79d5f3586f344a0b96ad6ec32086, type: 3}
      propertyPath: m_LocalPosition.z
      value: 24
      objectReference: {fileID: 0}
    - target: {fileID: 5251719684847796425, guid: 3bfa79d5f3586f344a0b96ad6ec32086, type: 3}
      propertyPath: m_LocalRotation.w
      value: 1
      objectReference: {fileID: 0}
    - target: {fileID: 5251719684847796425, guid: 3bfa79d5f3586f344a0b96ad6ec32086, type: 3}
      propertyPath: m_LocalRotation.x
      value: 0
      objectReference: {fileID: 0}
    - target: {fileID: 5251719684847796425, guid: 3bfa79d5f3586f344a0b96ad6ec32086, type: 3}
      propertyPath: m_LocalRotation.y
      value: 0
      objectReference: {fileID: 0}
    - target: {fileID: 5251719684847796425, guid: 3bfa79d5f3586f344a0b96ad6ec32086, type: 3}
      propertyPath: m_LocalRotation.z
      value: 0
      objectReference: {fileID: 0}
    - target: {fileID: 5251719684847796425, guid: 3bfa79d5f3586f344a0b96ad6ec32086, type: 3}
      propertyPath: m_LocalEulerAnglesHint.x
      value: 0
      objectReference: {fileID: 0}
    - target: {fileID: 5251719684847796425, guid: 3bfa79d5f3586f344a0b96ad6ec32086, type: 3}
      propertyPath: m_LocalEulerAnglesHint.y
      value: 0
      objectReference: {fileID: 0}
    - target: {fileID: 5251719684847796425, guid: 3bfa79d5f3586f344a0b96ad6ec32086, type: 3}
      propertyPath: m_LocalEulerAnglesHint.z
      value: 0
      objectReference: {fileID: 0}
    m_RemovedComponents: []
  m_SourcePrefab: {fileID: 100100000, guid: 3bfa79d5f3586f344a0b96ad6ec32086, type: 3}
--- !u!1001 &1617771297
PrefabInstance:
  m_ObjectHideFlags: 0
  serializedVersion: 2
  m_Modification:
    m_TransformParent: {fileID: 0}
    m_Modifications:
    - target: {fileID: 5251719684847796421, guid: 3bfa79d5f3586f344a0b96ad6ec32086, type: 3}
      propertyPath: m_Constraints
      value: 126
      objectReference: {fileID: 0}
    - target: {fileID: 5251719684847796422, guid: 3bfa79d5f3586f344a0b96ad6ec32086, type: 3}
      propertyPath: m_Name
      value: Obstacle (3)
      objectReference: {fileID: 0}
    - target: {fileID: 5251719684847796425, guid: 3bfa79d5f3586f344a0b96ad6ec32086, type: 3}
      propertyPath: m_RootOrder
      value: 6
      objectReference: {fileID: 0}
    - target: {fileID: 5251719684847796425, guid: 3bfa79d5f3586f344a0b96ad6ec32086, type: 3}
      propertyPath: m_LocalPosition.x
      value: -6.494
      objectReference: {fileID: 0}
    - target: {fileID: 5251719684847796425, guid: 3bfa79d5f3586f344a0b96ad6ec32086, type: 3}
      propertyPath: m_LocalPosition.y
      value: 1
      objectReference: {fileID: 0}
    - target: {fileID: 5251719684847796425, guid: 3bfa79d5f3586f344a0b96ad6ec32086, type: 3}
      propertyPath: m_LocalPosition.z
      value: 24
      objectReference: {fileID: 0}
    - target: {fileID: 5251719684847796425, guid: 3bfa79d5f3586f344a0b96ad6ec32086, type: 3}
      propertyPath: m_LocalRotation.w
      value: 1
      objectReference: {fileID: 0}
    - target: {fileID: 5251719684847796425, guid: 3bfa79d5f3586f344a0b96ad6ec32086, type: 3}
      propertyPath: m_LocalRotation.x
      value: 0
      objectReference: {fileID: 0}
    - target: {fileID: 5251719684847796425, guid: 3bfa79d5f3586f344a0b96ad6ec32086, type: 3}
      propertyPath: m_LocalRotation.y
      value: 0
      objectReference: {fileID: 0}
    - target: {fileID: 5251719684847796425, guid: 3bfa79d5f3586f344a0b96ad6ec32086, type: 3}
      propertyPath: m_LocalRotation.z
      value: 0
      objectReference: {fileID: 0}
    - target: {fileID: 5251719684847796425, guid: 3bfa79d5f3586f344a0b96ad6ec32086, type: 3}
      propertyPath: m_LocalEulerAnglesHint.x
      value: 0
      objectReference: {fileID: 0}
    - target: {fileID: 5251719684847796425, guid: 3bfa79d5f3586f344a0b96ad6ec32086, type: 3}
      propertyPath: m_LocalEulerAnglesHint.y
      value: 0
      objectReference: {fileID: 0}
    - target: {fileID: 5251719684847796425, guid: 3bfa79d5f3586f344a0b96ad6ec32086, type: 3}
      propertyPath: m_LocalEulerAnglesHint.z
      value: 0
      objectReference: {fileID: 0}
    m_RemovedComponents: []
  m_SourcePrefab: {fileID: 100100000, guid: 3bfa79d5f3586f344a0b96ad6ec32086, type: 3}
--- !u!4 &1929063328 stripped
Transform:
  m_CorrespondingSourceObject: {fileID: 5213195307796778241, guid: 855452e6163f6e4408cdaa555ceb03c5, type: 3}
  m_PrefabInstance: {fileID: 5213195309694248609}
  m_PrefabAsset: {fileID: 0}
--- !u!1001 &2014546675
PrefabInstance:
  m_ObjectHideFlags: 0
  serializedVersion: 2
  m_Modification:
    m_TransformParent: {fileID: 0}
    m_Modifications:
    - target: {fileID: 5251719684847796421, guid: 3bfa79d5f3586f344a0b96ad6ec32086, type: 3}
      propertyPath: m_Constraints
      value: 126
      objectReference: {fileID: 0}
    - target: {fileID: 5251719684847796422, guid: 3bfa79d5f3586f344a0b96ad6ec32086, type: 3}
      propertyPath: m_Name
      value: Obstacle (16)
      objectReference: {fileID: 0}
    - target: {fileID: 5251719684847796425, guid: 3bfa79d5f3586f344a0b96ad6ec32086, type: 3}
      propertyPath: m_RootOrder
      value: 14
      objectReference: {fileID: 0}
    - target: {fileID: 5251719684847796425, guid: 3bfa79d5f3586f344a0b96ad6ec32086, type: 3}
      propertyPath: m_LocalPosition.x
      value: 6.4700003
      objectReference: {fileID: 0}
    - target: {fileID: 5251719684847796425, guid: 3bfa79d5f3586f344a0b96ad6ec32086, type: 3}
      propertyPath: m_LocalPosition.y
      value: 1
      objectReference: {fileID: 0}
    - target: {fileID: 5251719684847796425, guid: 3bfa79d5f3586f344a0b96ad6ec32086, type: 3}
      propertyPath: m_LocalPosition.z
      value: 99.480995
      objectReference: {fileID: 0}
    - target: {fileID: 5251719684847796425, guid: 3bfa79d5f3586f344a0b96ad6ec32086, type: 3}
      propertyPath: m_LocalRotation.w
      value: 1
      objectReference: {fileID: 0}
    - target: {fileID: 5251719684847796425, guid: 3bfa79d5f3586f344a0b96ad6ec32086, type: 3}
      propertyPath: m_LocalRotation.x
      value: 0
      objectReference: {fileID: 0}
    - target: {fileID: 5251719684847796425, guid: 3bfa79d5f3586f344a0b96ad6ec32086, type: 3}
      propertyPath: m_LocalRotation.y
      value: 0
      objectReference: {fileID: 0}
    - target: {fileID: 5251719684847796425, guid: 3bfa79d5f3586f344a0b96ad6ec32086, type: 3}
      propertyPath: m_LocalRotation.z
      value: 0
      objectReference: {fileID: 0}
    - target: {fileID: 5251719684847796425, guid: 3bfa79d5f3586f344a0b96ad6ec32086, type: 3}
      propertyPath: m_LocalEulerAnglesHint.x
      value: 0
      objectReference: {fileID: 0}
    - target: {fileID: 5251719684847796425, guid: 3bfa79d5f3586f344a0b96ad6ec32086, type: 3}
      propertyPath: m_LocalEulerAnglesHint.y
      value: 0
      objectReference: {fileID: 0}
    - target: {fileID: 5251719684847796425, guid: 3bfa79d5f3586f344a0b96ad6ec32086, type: 3}
      propertyPath: m_LocalEulerAnglesHint.z
      value: 0
      objectReference: {fileID: 0}
    m_RemovedComponents: []
  m_SourcePrefab: {fileID: 100100000, guid: 3bfa79d5f3586f344a0b96ad6ec32086, type: 3}
--- !u!1001 &4738042483301900062
PrefabInstance:
  m_ObjectHideFlags: 0
  serializedVersion: 2
  m_Modification:
    m_TransformParent: {fileID: 0}
    m_Modifications:
    - target: {fileID: 657863867050901445, guid: e438fb6f4958eee47b44ca672f2c4584, type: 3}
      propertyPath: m_Enabled
      value: 0
      objectReference: {fileID: 0}
    - target: {fileID: 657863867050901447, guid: e438fb6f4958eee47b44ca672f2c4584, type: 3}
      propertyPath: m_RootOrder
      value: 1
      objectReference: {fileID: 0}
    - target: {fileID: 657863867050901447, guid: e438fb6f4958eee47b44ca672f2c4584, type: 3}
      propertyPath: m_LocalPosition.x
      value: 0.2
      objectReference: {fileID: 0}
    - target: {fileID: 657863867050901447, guid: e438fb6f4958eee47b44ca672f2c4584, type: 3}
      propertyPath: m_LocalPosition.y
      value: 125
      objectReference: {fileID: 0}
    - target: {fileID: 657863867050901447, guid: e438fb6f4958eee47b44ca672f2c4584, type: 3}
      propertyPath: m_LocalPosition.z
      value: 500
      objectReference: {fileID: 0}
    - target: {fileID: 657863867050901447, guid: e438fb6f4958eee47b44ca672f2c4584, type: 3}
      propertyPath: m_LocalRotation.w
      value: 1
      objectReference: {fileID: 0}
    - target: {fileID: 657863867050901447, guid: e438fb6f4958eee47b44ca672f2c4584, type: 3}
      propertyPath: m_LocalRotation.x
      value: 0
      objectReference: {fileID: 0}
    - target: {fileID: 657863867050901447, guid: e438fb6f4958eee47b44ca672f2c4584, type: 3}
      propertyPath: m_LocalRotation.y
      value: 0
      objectReference: {fileID: 0}
    - target: {fileID: 657863867050901447, guid: e438fb6f4958eee47b44ca672f2c4584, type: 3}
      propertyPath: m_LocalRotation.z
      value: 0
      objectReference: {fileID: 0}
    - target: {fileID: 657863867050901447, guid: e438fb6f4958eee47b44ca672f2c4584, type: 3}
      propertyPath: m_LocalEulerAnglesHint.x
      value: 0
      objectReference: {fileID: 0}
    - target: {fileID: 657863867050901447, guid: e438fb6f4958eee47b44ca672f2c4584, type: 3}
      propertyPath: m_LocalEulerAnglesHint.y
      value: 0
      objectReference: {fileID: 0}
    - target: {fileID: 657863867050901447, guid: e438fb6f4958eee47b44ca672f2c4584, type: 3}
      propertyPath: m_LocalEulerAnglesHint.z
      value: 0
      objectReference: {fileID: 0}
    - target: {fileID: 657863867050901448, guid: e438fb6f4958eee47b44ca672f2c4584, type: 3}
      propertyPath: m_Name
      value: barrier
      objectReference: {fileID: 0}
    - target: {fileID: 657863867050901448, guid: e438fb6f4958eee47b44ca672f2c4584, type: 3}
      propertyPath: m_IsActive
      value: 1
      objectReference: {fileID: 0}
    m_RemovedComponents: []
  m_SourcePrefab: {fileID: 100100000, guid: e438fb6f4958eee47b44ca672f2c4584, type: 3}
--- !u!1001 &5056776802164358854
PrefabInstance:
  m_ObjectHideFlags: 0
  serializedVersion: 2
  m_Modification:
    m_TransformParent: {fileID: 0}
    m_Modifications:
    - target: {fileID: 5056776801677708841, guid: 6ded98f6996aff24d9efe205484f86a5, type: 3}
      propertyPath: m_RootOrder
      value: 20
      objectReference: {fileID: 0}
    - target: {fileID: 5056776801677708841, guid: 6ded98f6996aff24d9efe205484f86a5, type: 3}
      propertyPath: m_LocalPosition.x
      value: 0
      objectReference: {fileID: 0}
    - target: {fileID: 5056776801677708841, guid: 6ded98f6996aff24d9efe205484f86a5, type: 3}
      propertyPath: m_LocalPosition.y
      value: 3
      objectReference: {fileID: 0}
    - target: {fileID: 5056776801677708841, guid: 6ded98f6996aff24d9efe205484f86a5, type: 3}
      propertyPath: m_LocalPosition.z
      value: 168
      objectReference: {fileID: 0}
    - target: {fileID: 5056776801677708841, guid: 6ded98f6996aff24d9efe205484f86a5, type: 3}
      propertyPath: m_LocalRotation.w
      value: 1
      objectReference: {fileID: 0}
    - target: {fileID: 5056776801677708841, guid: 6ded98f6996aff24d9efe205484f86a5, type: 3}
      propertyPath: m_LocalRotation.x
      value: 0
      objectReference: {fileID: 0}
    - target: {fileID: 5056776801677708841, guid: 6ded98f6996aff24d9efe205484f86a5, type: 3}
      propertyPath: m_LocalRotation.y
      value: 0
      objectReference: {fileID: 0}
    - target: {fileID: 5056776801677708841, guid: 6ded98f6996aff24d9efe205484f86a5, type: 3}
      propertyPath: m_LocalRotation.z
      value: 0
      objectReference: {fileID: 0}
    - target: {fileID: 5056776801677708841, guid: 6ded98f6996aff24d9efe205484f86a5, type: 3}
      propertyPath: m_LocalEulerAnglesHint.x
      value: 0
      objectReference: {fileID: 0}
    - target: {fileID: 5056776801677708841, guid: 6ded98f6996aff24d9efe205484f86a5, type: 3}
      propertyPath: m_LocalEulerAnglesHint.y
      value: 0
      objectReference: {fileID: 0}
    - target: {fileID: 5056776801677708841, guid: 6ded98f6996aff24d9efe205484f86a5, type: 3}
      propertyPath: m_LocalEulerAnglesHint.z
      value: 0
      objectReference: {fileID: 0}
    - target: {fileID: 5056776801677708843, guid: 6ded98f6996aff24d9efe205484f86a5, type: 3}
      propertyPath: m_Enabled
      value: 1
      objectReference: {fileID: 0}
    - target: {fileID: 5056776801677708844, guid: 6ded98f6996aff24d9efe205484f86a5, type: 3}
      propertyPath: m_Name
      value: end
      objectReference: {fileID: 0}
    - target: {fileID: 5056776801677708845, guid: 6ded98f6996aff24d9efe205484f86a5, type: 3}
      propertyPath: gamemanger
      value: 
      objectReference: {fileID: 799952553}
    - target: {fileID: 5056776801677708845, guid: 6ded98f6996aff24d9efe205484f86a5, type: 3}
      propertyPath: Gamemanager
      value: 
      objectReference: {fileID: 799952553}
    m_RemovedComponents: []
  m_SourcePrefab: {fileID: 100100000, guid: 6ded98f6996aff24d9efe205484f86a5, type: 3}
--- !u!1001 &5213195309694248609
PrefabInstance:
  m_ObjectHideFlags: 0
  serializedVersion: 2
  m_Modification:
    m_TransformParent: {fileID: 0}
    m_Modifications:
    - target: {fileID: 5213195307796778240, guid: 855452e6163f6e4408cdaa555ceb03c5, type: 3}
      propertyPath: upwardsforce
      value: 111
      objectReference: {fileID: 0}
    - target: {fileID: 5213195307796778241, guid: 855452e6163f6e4408cdaa555ceb03c5, type: 3}
      propertyPath: m_RootOrder
      value: 4
      objectReference: {fileID: 0}
    - target: {fileID: 5213195307796778241, guid: 855452e6163f6e4408cdaa555ceb03c5, type: 3}
      propertyPath: m_LocalPosition.x
      value: 0
      objectReference: {fileID: 0}
    - target: {fileID: 5213195307796778241, guid: 855452e6163f6e4408cdaa555ceb03c5, type: 3}
      propertyPath: m_LocalPosition.y
      value: 1
      objectReference: {fileID: 0}
    - target: {fileID: 5213195307796778241, guid: 855452e6163f6e4408cdaa555ceb03c5, type: 3}
      propertyPath: m_LocalPosition.z
      value: 1
      objectReference: {fileID: 0}
    - target: {fileID: 5213195307796778241, guid: 855452e6163f6e4408cdaa555ceb03c5, type: 3}
      propertyPath: m_LocalRotation.w
      value: 1
      objectReference: {fileID: 0}
    - target: {fileID: 5213195307796778241, guid: 855452e6163f6e4408cdaa555ceb03c5, type: 3}
      propertyPath: m_LocalRotation.x
      value: 0
      objectReference: {fileID: 0}
    - target: {fileID: 5213195307796778241, guid: 855452e6163f6e4408cdaa555ceb03c5, type: 3}
      propertyPath: m_LocalRotation.y
      value: 0
      objectReference: {fileID: 0}
    - target: {fileID: 5213195307796778241, guid: 855452e6163f6e4408cdaa555ceb03c5, type: 3}
      propertyPath: m_LocalRotation.z
      value: 0
      objectReference: {fileID: 0}
    - target: {fileID: 5213195307796778241, guid: 855452e6163f6e4408cdaa555ceb03c5, type: 3}
      propertyPath: m_LocalEulerAnglesHint.x
      value: 0
      objectReference: {fileID: 0}
    - target: {fileID: 5213195307796778241, guid: 855452e6163f6e4408cdaa555ceb03c5, type: 3}
      propertyPath: m_LocalEulerAnglesHint.y
      value: 0
      objectReference: {fileID: 0}
    - target: {fileID: 5213195307796778241, guid: 855452e6163f6e4408cdaa555ceb03c5, type: 3}
      propertyPath: m_LocalEulerAnglesHint.z
      value: 0
      objectReference: {fileID: 0}
    - target: {fileID: 5213195307796778298, guid: 855452e6163f6e4408cdaa555ceb03c5, type: 3}
      propertyPath: m_Name
      value: Player
      objectReference: {fileID: 0}
    - target: {fileID: 5213195307796778301, guid: 855452e6163f6e4408cdaa555ceb03c5, type: 3}
      propertyPath: m_Mass
      value: 1
      objectReference: {fileID: 0}
    - target: {fileID: 5213195307796778301, guid: 855452e6163f6e4408cdaa555ceb03c5, type: 3}
      propertyPath: m_UseGravity
      value: 1
      objectReference: {fileID: 0}
    - target: {fileID: 5213195307796778301, guid: 855452e6163f6e4408cdaa555ceb03c5, type: 3}
      propertyPath: m_AngularDrag
      value: 0.05
      objectReference: {fileID: 0}
    m_RemovedComponents: []
  m_SourcePrefab: {fileID: 100100000, guid: 855452e6163f6e4408cdaa555ceb03c5, type: 3}
--- !u!1001 &5525363259174705768
PrefabInstance:
  m_ObjectHideFlags: 0
  serializedVersion: 2
  m_Modification:
    m_TransformParent: {fileID: 0}
    m_Modifications:
    - target: {fileID: 5525363259503547584, guid: dd47c2eb21dae1842a6f0061d43ffc81, type: 3}
      propertyPath: m_Name
      value: GameManager
      objectReference: {fileID: 0}
    - target: {fileID: 5525363259503547585, guid: dd47c2eb21dae1842a6f0061d43ffc81, type: 3}
      propertyPath: completeLevelUI
      value: 
      objectReference: {fileID: 261253781}
    - target: {fileID: 5525363259503547586, guid: dd47c2eb21dae1842a6f0061d43ffc81, type: 3}
      propertyPath: m_RootOrder
      value: 0
      objectReference: {fileID: 0}
    - target: {fileID: 5525363259503547586, guid: dd47c2eb21dae1842a6f0061d43ffc81, type: 3}
      propertyPath: m_LocalPosition.x
      value: 0
      objectReference: {fileID: 0}
    - target: {fileID: 5525363259503547586, guid: dd47c2eb21dae1842a6f0061d43ffc81, type: 3}
      propertyPath: m_LocalPosition.y
      value: 0
      objectReference: {fileID: 0}
    - target: {fileID: 5525363259503547586, guid: dd47c2eb21dae1842a6f0061d43ffc81, type: 3}
      propertyPath: m_LocalPosition.z
      value: 0
      objectReference: {fileID: 0}
    - target: {fileID: 5525363259503547586, guid: dd47c2eb21dae1842a6f0061d43ffc81, type: 3}
      propertyPath: m_LocalRotation.w
      value: 1
      objectReference: {fileID: 0}
    - target: {fileID: 5525363259503547586, guid: dd47c2eb21dae1842a6f0061d43ffc81, type: 3}
      propertyPath: m_LocalRotation.x
      value: 0
      objectReference: {fileID: 0}
    - target: {fileID: 5525363259503547586, guid: dd47c2eb21dae1842a6f0061d43ffc81, type: 3}
      propertyPath: m_LocalRotation.y
      value: 0
      objectReference: {fileID: 0}
    - target: {fileID: 5525363259503547586, guid: dd47c2eb21dae1842a6f0061d43ffc81, type: 3}
      propertyPath: m_LocalRotation.z
      value: 0
      objectReference: {fileID: 0}
    - target: {fileID: 5525363259503547586, guid: dd47c2eb21dae1842a6f0061d43ffc81, type: 3}
      propertyPath: m_LocalEulerAnglesHint.x
      value: 0
      objectReference: {fileID: 0}
    - target: {fileID: 5525363259503547586, guid: dd47c2eb21dae1842a6f0061d43ffc81, type: 3}
      propertyPath: m_LocalEulerAnglesHint.y
      value: 0
      objectReference: {fileID: 0}
    - target: {fileID: 5525363259503547586, guid: dd47c2eb21dae1842a6f0061d43ffc81, type: 3}
      propertyPath: m_LocalEulerAnglesHint.z
      value: 0
      objectReference: {fileID: 0}
    m_RemovedComponents: []
  m_SourcePrefab: {fileID: 100100000, guid: dd47c2eb21dae1842a6f0061d43ffc81, type: 3}
--- !u!1001 &5781483655543753437
PrefabInstance:
  m_ObjectHideFlags: 0
  serializedVersion: 2
  m_Modification:
    m_TransformParent: {fileID: 0}
    m_Modifications:
    - target: {fileID: 5781483656030606675, guid: 5787a8c1967d8924bb0185d9ed0b0910, type: 3}
      propertyPath: m_Pivot.x
      value: 0
      objectReference: {fileID: 0}
    - target: {fileID: 5781483656030606675, guid: 5787a8c1967d8924bb0185d9ed0b0910, type: 3}
      propertyPath: m_Pivot.y
      value: 0
      objectReference: {fileID: 0}
    - target: {fileID: 5781483656030606675, guid: 5787a8c1967d8924bb0185d9ed0b0910, type: 3}
      propertyPath: m_RootOrder
      value: 19
      objectReference: {fileID: 0}
    - target: {fileID: 5781483656030606675, guid: 5787a8c1967d8924bb0185d9ed0b0910, type: 3}
      propertyPath: m_AnchorMax.x
      value: 0
      objectReference: {fileID: 0}
    - target: {fileID: 5781483656030606675, guid: 5787a8c1967d8924bb0185d9ed0b0910, type: 3}
      propertyPath: m_AnchorMax.y
      value: 0
      objectReference: {fileID: 0}
    - target: {fileID: 5781483656030606675, guid: 5787a8c1967d8924bb0185d9ed0b0910, type: 3}
      propertyPath: m_AnchorMin.x
      value: 0
      objectReference: {fileID: 0}
    - target: {fileID: 5781483656030606675, guid: 5787a8c1967d8924bb0185d9ed0b0910, type: 3}
      propertyPath: m_AnchorMin.y
      value: 0
      objectReference: {fileID: 0}
    - target: {fileID: 5781483656030606675, guid: 5787a8c1967d8924bb0185d9ed0b0910, type: 3}
      propertyPath: m_SizeDelta.x
      value: 0
      objectReference: {fileID: 0}
    - target: {fileID: 5781483656030606675, guid: 5787a8c1967d8924bb0185d9ed0b0910, type: 3}
      propertyPath: m_SizeDelta.y
      value: 0
      objectReference: {fileID: 0}
    - target: {fileID: 5781483656030606675, guid: 5787a8c1967d8924bb0185d9ed0b0910, type: 3}
      propertyPath: m_LocalPosition.x
      value: 0
      objectReference: {fileID: 0}
    - target: {fileID: 5781483656030606675, guid: 5787a8c1967d8924bb0185d9ed0b0910, type: 3}
      propertyPath: m_LocalPosition.y
      value: 0
      objectReference: {fileID: 0}
    - target: {fileID: 5781483656030606675, guid: 5787a8c1967d8924bb0185d9ed0b0910, type: 3}
      propertyPath: m_LocalPosition.z
      value: 0
      objectReference: {fileID: 0}
    - target: {fileID: 5781483656030606675, guid: 5787a8c1967d8924bb0185d9ed0b0910, type: 3}
      propertyPath: m_LocalRotation.w
      value: 1
      objectReference: {fileID: 0}
    - target: {fileID: 5781483656030606675, guid: 5787a8c1967d8924bb0185d9ed0b0910, type: 3}
      propertyPath: m_LocalRotation.x
      value: 0
      objectReference: {fileID: 0}
    - target: {fileID: 5781483656030606675, guid: 5787a8c1967d8924bb0185d9ed0b0910, type: 3}
      propertyPath: m_LocalRotation.y
      value: 0
      objectReference: {fileID: 0}
    - target: {fileID: 5781483656030606675, guid: 5787a8c1967d8924bb0185d9ed0b0910, type: 3}
      propertyPath: m_LocalRotation.z
      value: 0
      objectReference: {fileID: 0}
    - target: {fileID: 5781483656030606675, guid: 5787a8c1967d8924bb0185d9ed0b0910, type: 3}
      propertyPath: m_AnchoredPosition.x
      value: 0
      objectReference: {fileID: 0}
    - target: {fileID: 5781483656030606675, guid: 5787a8c1967d8924bb0185d9ed0b0910, type: 3}
      propertyPath: m_AnchoredPosition.y
      value: 0
      objectReference: {fileID: 0}
    - target: {fileID: 5781483656030606675, guid: 5787a8c1967d8924bb0185d9ed0b0910, type: 3}
      propertyPath: m_LocalEulerAnglesHint.x
      value: 0
      objectReference: {fileID: 0}
    - target: {fileID: 5781483656030606675, guid: 5787a8c1967d8924bb0185d9ed0b0910, type: 3}
      propertyPath: m_LocalEulerAnglesHint.y
      value: 0
      objectReference: {fileID: 0}
    - target: {fileID: 5781483656030606675, guid: 5787a8c1967d8924bb0185d9ed0b0910, type: 3}
      propertyPath: m_LocalEulerAnglesHint.z
      value: 0
      objectReference: {fileID: 0}
    - target: {fileID: 5781483656030606679, guid: 5787a8c1967d8924bb0185d9ed0b0910, type: 3}
      propertyPath: m_Name
      value: Canvas
      objectReference: {fileID: 0}
    - target: {fileID: 5781483656328930692, guid: 5787a8c1967d8924bb0185d9ed0b0910, type: 3}
      propertyPath: player
      value: 
      objectReference: {fileID: 1929063328}
    m_RemovedComponents: []
  m_SourcePrefab: {fileID: 100100000, guid: 5787a8c1967d8924bb0185d9ed0b0910, type: 3}
--- !u!1001 &8136919232703270745
PrefabInstance:
  m_ObjectHideFlags: 0
  serializedVersion: 2
  m_Modification:
    m_TransformParent: {fileID: 0}
    m_Modifications:
    - target: {fileID: 8136919231502566817, guid: 0862ea8840493ae47903b9611d621394, type: 3}
      propertyPath: m_Name
      value: Ground
      objectReference: {fileID: 0}
    - target: {fileID: 8136919231502566817, guid: 0862ea8840493ae47903b9611d621394, type: 3}
      propertyPath: m_TagString
      value: Ground
      objectReference: {fileID: 0}
    - target: {fileID: 8136919231502566819, guid: 0862ea8840493ae47903b9611d621394, type: 3}
      propertyPath: m_Materials.Array.data[0]
      value: 
      objectReference: {fileID: 2100000, guid: 6e83c3d5c0e245640a7019a4aff7d84c, type: 2}
    - target: {fileID: 8136919231502566821, guid: 0862ea8840493ae47903b9611d621394, type: 3}
      propertyPath: m_RootOrder
      value: 2
      objectReference: {fileID: 0}
    - target: {fileID: 8136919231502566821, guid: 0862ea8840493ae47903b9611d621394, type: 3}
      propertyPath: m_LocalPosition.x
      value: 0
      objectReference: {fileID: 0}
    - target: {fileID: 8136919231502566821, guid: 0862ea8840493ae47903b9611d621394, type: 3}
      propertyPath: m_LocalPosition.y
      value: 0
      objectReference: {fileID: 0}
    - target: {fileID: 8136919231502566821, guid: 0862ea8840493ae47903b9611d621394, type: 3}
      propertyPath: m_LocalPosition.z
      value: 4080
      objectReference: {fileID: 0}
    - target: {fileID: 8136919231502566821, guid: 0862ea8840493ae47903b9611d621394, type: 3}
      propertyPath: m_LocalRotation.w
      value: 1
      objectReference: {fileID: 0}
    - target: {fileID: 8136919231502566821, guid: 0862ea8840493ae47903b9611d621394, type: 3}
      propertyPath: m_LocalRotation.x
      value: 0
      objectReference: {fileID: 0}
    - target: {fileID: 8136919231502566821, guid: 0862ea8840493ae47903b9611d621394, type: 3}
      propertyPath: m_LocalRotation.y
      value: 0
      objectReference: {fileID: 0}
    - target: {fileID: 8136919231502566821, guid: 0862ea8840493ae47903b9611d621394, type: 3}
      propertyPath: m_LocalRotation.z
      value: 0
      objectReference: {fileID: 0}
    - target: {fileID: 8136919231502566821, guid: 0862ea8840493ae47903b9611d621394, type: 3}
      propertyPath: m_LocalEulerAnglesHint.x
      value: 0
      objectReference: {fileID: 0}
    - target: {fileID: 8136919231502566821, guid: 0862ea8840493ae47903b9611d621394, type: 3}
      propertyPath: m_LocalEulerAnglesHint.y
      value: 0
      objectReference: {fileID: 0}
    - target: {fileID: 8136919231502566821, guid: 0862ea8840493ae47903b9611d621394, type: 3}
      propertyPath: m_LocalEulerAnglesHint.z
      value: 0
      objectReference: {fileID: 0}
    m_RemovedComponents: []
  m_SourcePrefab: {fileID: 100100000, guid: 0862ea8840493ae47903b9611d621394, type: 3}
